% Literatur für Trainingslager
% 
% Folding in diesem File
% Die Datei enthält ganz am Schluss eine Modline, die die foldmethod setzt
% (=marker). Die gefoldeten Anteile müssen in dreifache geschweifte Klammern
% gesetzt werden {{{ }}}, Zeichen zum Auskommentieren sind dabei egal. Mit zo
% wird der Fold geöffnet, mit zc geschlossen. zM schliesst alle Folds, egal
% wo der Cursor ist, zR öffnet alle.

% String-Definitionen {{{

@STRING(TO = "Tour")
@STRING(RB = "{R}oad{B}ike")
@STRING(GCN = "{Global Cycling Network}")

% Die folgenden Strings sind Uebersetzung der englischen Ausdrücke zur
% Identifikation der Referenz. Siehe dazu APA Syle Guide Electronic Reference,
% Pos. 205. Sie müssen mit dem Tag 'type' eingebunden werden. Sie erscheinen
% dann mit apacite wie vorgegebn in eckigen Klammern.
@STRING(audio = "Audio-Datei")
@STRING(blog    = "Blog-Eintrag")
@STRING(facebook = "Facebook-Eintrag")
@STRING(mp3 = "MP3-Datei")
@STRING(podcast = "Podcast-Transkript")
@STRING(tweet = "Tweet")
@STRING(video = "Video-Datei")

% }}}

% {{{ YouTube-Videos


% }}}
% Blog-Einträge {{{

@MISC{DCRainmaker2018trainingplanzwift,
        author =        {{DC Rainmaker}},
        title =         {How it works: {Z}wift's new training plan platform},
        howpublished =  blog,
        year =          {2018},
        month =         {\APACmonth{5}},
        day =           {31},
        url =           {https://www.dcrainmaker.com/2018/05/how-it-works-zwifts-new-training-plan-platform.html},
        lastchecked =   {17.08.2018},
        otherinfo =     {Ausführliche Info zu der neuen Trainings-Plan-Funktion von Zwift.},
}

% }}}
% Artikel {{{

% }}}
% Bücher {{{

% }}}

% Modline
% vim:foldmethod=marker:foldlevel=0
